% ModuTex v1.0 - Local Manual Bibliography
% Add your custom citations here

@inproceedings{modutex2024,
  title={ModuTex: AI-Powered LaTeX Document Generation},
  author={Developer, ModuTex and Team, Research},
  booktitle={Proceedings of the International Conference on Document Processing},
  pages={1--10},
  year={2024},
  organization={IEEE}
}

@misc{latex2023guide,
  title={The LaTeX Companion: Advanced Techniques},
  author={Mittelbach, Frank and Goossens, Michel},
  year={2023},
  publisher={Addison-Wesley Professional},
  note={Third Edition}
}

@online{openai2024api,
  title={OpenAI API Documentation},
  author={{OpenAI}},
  year={2024},
  url={https://platform.openai.com/docs},
  note={Accessed: 2024-01-01}
}
% This file contains manually created citations, including Persian sources

@book{persian2023latex,
  title={راهنمای جامع لاتک فارسی},
  author={نمونه, احمد and پژوهش, گروه},
  publisher={انتشارات دانشگاهی},
  year={2023},
  address={تهران},
  language={persian},
  note={Persian LaTeX Comprehensive Guide}
} 