% ModuTex v1.0 - References Bibliography
% This file contains automatically fetched and manually added citations

@article{Jordan2015Machine,
  title={Machine learning: Trends, perspectives, and prospects},
  author={Jordan, Michael I and Mitchell, Tom M},
  journal={Science},
  volume={349},
  number={6245},
  pages={255--260},
  year={2015},
  publisher={American Association for the Advancement of Science}
}

@book{Goodfellow2016Deep,
  title={Deep learning},
  author={Goodfellow, Ian and Bengio, Yoshua and Courville, Aaron},
  year={2016},
  publisher={MIT Press}
}

@book{Sutton2018Reinforcement,
  title={Reinforcement learning: An introduction},
  author={Sutton, Richard S and Barto, Andrew G},
  year={2018},
  publisher={MIT Press}
}

@article{LeCun2015Deep,
  title={Deep learning},
  author={LeCun, Yann and Bengio, Yoshua and Hinton, Geoffrey},
  journal={Nature},
  volume={521},
  number={7553},
  pages={436--444},
  year={2015},
  publisher={Nature Publishing Group}
}

@article{fang2020fltrust,
  title={FLTrust: Byzantine-robust federated learning via trust bootstrapping},
  author={Fang, Minghong and Cao, Xiaoyu and Jia, Jinyuan and Gong, Neil},
  journal={arXiv preprint arXiv:2012.13995},
  year={2020}
}

@article{sample2023research,
  title={Modern approaches to academic document preparation},
  author={Sample, John and Research, Mary},
  journal={Journal of Academic Computing},
  volume={45},
  number={3},
  pages={123--145},
  year={2023},
  publisher={Academic Press}
}
% This file contains citations imported from Google Scholar and other sources

@inproceedings{mcmahan2017communication,
  title={Communication-efficient learning of deep networks from decentralized data},
  author={McMahan, H Brendan and Moore, Eider and Ramage, Daniel and Hampson, Seth and others},
  booktitle={Artificial Intelligence and Statistics},
  pages={1273--1282},
  year={2017},
  organization={PMLR}
}

@article{li2020federated,
  title={Federated learning: Challenges, methods, and future directions},
  author={Li, Tian and Sahu, Anit Kumar and Talwalkar, Ameet and Smith, Virginia},
  journal={IEEE Signal Processing Magazine},
  volume={37},
  number={3},
  pages={50--60},
  year={2020},
  publisher={IEEE}
} 